@article{EGM-11-001,
  title="{ELECTROMAGNETIC CALORIMETER (ECAL)}",
  author={Petyt, David},
  journal="{No. CMSBUL-ARTICLE-2013-023, p. 5, 2013}",
  year = "\url{http://cds.cern.ch/record/1561186}"
}

@article{CMS-DP-2012-012,
  title="{Jet Energy Corrections and Uncertainties}",
  author="{CMS Collaboration}",
  journal={CMS Detector Performance Plots CMS-DP-2012/012},
 year= "\url{http://cds.cern.ch/record/146098}"
}

@article{CMS-DP-2012-008,
  title="{ECAL Detector Performance Plots:  more on 2011 data}",
  author="{CMS Collaboration}",
  journal="{CMS-DP-2012-008}", 
  year  = "\url{http://cds.cern.ch/record/1457923}"
}

@misc{tVertex_dijets,
    author  = {Apresyan, A. and Bornheim, A. and Spiropulu, M.},
    title   = "{Vertex Reconstruction Using ECAL Timing Information}",
    howpublished= "\url{http://goo.gl/Z22939}",
    year	 = "{CMS jet algorithms meeting, 08-30-2012}"
}

@misc{LAPPD,
  author = "{Large-Area Picosecond Photo-Detectros  Project}",
  howpublished = "\url{http://psec.uchicago.edu}"
}

@misc{tVertex_snowmass,
    author  = {Apresyan, A.},
    title   = "{Vertex Reconstruction Using Timing Information, CMS Phase 2 R\&D meeting}",
    howpublished = "\url{http://goo.gl/eu6kSa}",
    year = "{Snowmass, 07-30-2013}"
}

@misc{tVertex_Zboson,
    author  = {Bornheim, A.},
    title   = "{Vertex Reconstruction Using Timing Information}",
    howpublished = "\url{http://goo.gl/Ulk5bD}",
    year = "{CMS Phase II Upgrade Workshop, 06-06-2013}"
}

@misc{timing_GEANT,
    author  = {Bornheim,A. and Flamant, C.},
    title   = "{USSTF meeting report on fast timing}",
    howpublished = "\url{http://goo.gl/Ulk5bD}",
    year = "08-21-2013"
}

@article{Ronzhin2013109,
    title="{A SiPM-based TOF-PET detector with high speed digital DRS4 readout}",
  author={Ronzhin, A and Albrow, M and Los, S and Martens, M and Murat, P and Ramberg, E and Kim, H and Chen, C-T and Kao, C-M and Niessen, K and others},
  journal="{NIM {\bf A} 703 (2013) 109-113}",
}

@misc{LOI-FCAL,
  title="{FCAL/PFCAL LOI USCMS}",
  author={Ruchti, R. and Cox, B. and Rusack, R.},
  year={2013}
}

@misc{usgmeeting,
  author = "{F. Cavallari, C. Jessop}",
  title ="{USG3 Meeting}",
  year = "{03.04.2014}",
  howpublished = "\url{https://indico.cern.ch/event/298389/contribution/6/material/3/0.pptx}"
}

@article{santacruz,
  title ="{Ultra-Fast Silicon Detectors}",
  author ="{H.F.-W. Sadrozinski et al.}",
 journal="{NIM {\bf A } 730 (2013) 226-231}"
}

@article{AdiCalor14,
  author="A. Bornheim",
  title="Calorimeters for precision timing measurements in high energy physics",
  journal="Journal of Physics: Conference Series",
  year=2014
}	

@article{ArturCalor14,
  author="A. Apresyan",
  title="{Development of a new ultra-fast shower maximum detector based on micro channel plates (MCP) as an active element}",
  journal="Journal of Physics: Conference Series",
  year=2014
}	

@article{MCPFastCaloNIMA,
title = "{Development of a new fast shower maximum detector based on microchannel plates photomultipliers (MCP-PMT) as an active element}",
journal="{NIM {\bf A} 759 (2014) 65-73}",
note = "",
issn = "0168-9002",
doi = "http://dx.doi.org/10.1016/j.nima.2014.05.039",
url = "http://www.sciencedirect.com/science/article/pii/S016890021400566X",
author         = "Ronzhin, A. and Los, S. and Ramberg, E., and others",
keywords = "Fast time response",
keywords = "Microchannel plate photomultiplier or MCP-PMT",
keywords = "Shower maximum or \{SM\}",
keywords = "Fast waveform digitizer \{DRS4\} "
}

@article{DRS4,
  author = "S. Ritt and R. Dinapoli and U. Hartmann", 
  title = "{Application of the DRS chip for fast waveform digitizing}", 
  journal="{NIM {\bf A} 623 (2010) 486-488}"
  }
  	
@article{LYSOrisetime,
  author={S. Seifert and J. H. L. Steenbergen and H. T. van Dam and D. R. Schaart},
  title={Accurate measurement of the rise and decay times of fast scintillators with solid state photon counters},
  journal={Journal of Instrumentation},
  volume={7},
  number={09},
  pages={P09004},
  url={http://stacks.iop.org/1748-0221/7/i=09/a=P09004},
  year={2012},
}
	
@article{CMS_Phase2_TP,
  author="{CMS Collaboration}",
  title = "{Technical proposal for the Phase II upgrade of the Compact Muon Solenoid}"
  }

@ARTICLE{LYSOProperties, 
author="{L. Zhang, R. Mao, F. Yang, and R. Zhu}", 
journal={IEEE Transactions on Nuclear Science}, 
title="{LSO/LYSO Crystals for Calorimeters in Future HEP Experiments}", 
year={2014}, 
month={Feb}, 
volume={61}, 
number={1}, 
pages={483-488}, 
ISSN={0018-9499}
}

@techreport{Rossi:1471000,
      author        = "{L. Rossi, and O. Br\"uning}",
      title         = "{High Luminosity Large Hadron Collider  A description for
                       the European Strategy Preparatory Group}",
      institution   = "CERN",
      collaboration = "The project is partially supported by the EC as FP7 HiLumi
                       LHC Design Study under grant no. 284404 Collaboration",
      address       = "Geneva",
      number        = "CERN-ATS-2012-236",
      month         = "Aug",
      year          = "2012",
}

@article{HamamatsuMCP3809,
  note = "\url{http://www.hamamatsu.com/resources/pdf/etd/R3809U-50_TPMH1067E09.pdf}"
 }
  	
@article{Photek240,
  note = "\url{http://www.photek.com/pdf/datasheets/detectors/DS006_Photomultipliers.pdf}"
 }

@INPROCEEDINGS{5402126, 
author="{R.~Mao, L.~Zhang, and R. Zhu}", 
booktitle="{Nuclear Science Symposium Conference Record (NSS/MIC), 2009 IEEE}", 
title="{Gamma ray induced radiation damage in PWO and LSO/LYSO crystals}", 
year={2009}, 
month={Oct}, 
pages={2045-2049}, 
doi={10.1109/NSSMIC.2009.5402126}, 
ISSN={1095-7863},}

@ARTICLE{4291695, 
author="{J.~Chen, R.~Mao, L.~Zhang, and R.~Zhu}", 
journal="{IEEE Transactions on Nuclear Science}", 
title="{Gamma-Ray Induced Radiation Damage in Large Size LSO and LYSO Crystal Samples}", 
year={2007}, 
month={Aug}, 
volume={54}, 
number={4}, 
pages={1319-1326}, 
doi={10.1109/TNS.2007.902370}, 
ISSN={0018-9499},}

@INPROCEEDINGS{5402125, 
author="{L.~Zhang, R.~Mao, and R.~Zhu}", 
booktitle="{Nuclear Science Symposium Conference Record (NSS/MIC), 2009 IEEE}", 
title="{Effects of neutron irradiations in various crystal samples of large size for future crystal calorimeter}", 
year={2009}, 
month={Oct}, 
pages={2041-2044}, 
doi={10.1109/NSSMIC.2009.5402125}, 
ISSN={1095-7863},}

@article{Dissertori:2013rma,
      author         = "Dissertori, G. and Luckey, D. and Nessi-Tedaldi, and others",
      title          = "{Results on damage induced by high-energy protons in LYSO
                        calorimeter crystals}",
      journal="{NIM {\bf A} 745 (2014) 1-6}",
      doi            = "10.1016/j.nima.2014.02.003",
      eprint         = "1309.3872",
      archivePrefix  = "arXiv",
      primaryClass   = "physics.ins-det",
      reportNumber   = "ETHZ-IPP-2013-01"
}

@ARTICLE{Moses, 
author="{W.~W.~Moses and S.~E.~Derenzo}", 
journal="{IEEE Transactions on Nuclear Science}", 
title="{Prospects for Time-of-Flight PET using LSO Scintillator}", 
year={1999}, 
month={June}, 
volume={46}, 
number={3}, 
pages={474-478}, 
doi={10.1109/TNS.2007.902370}, 
ISSN={0018-9499},}


@ARTICLE{Albrecht, 
author         = "Albrecht, M. and Andert, K. and Anselmino, P., and others",
journal="{Proceedings of the 8th Conference on astroparticle, particle and space physics, detectors and medical physics applications}", 
title="{Scintillators and Wavelength Shifters for the Detection of Ionizing Radiation}", 
year={2003}, 
pages={502-511}, 
doi={10.1142/9789812702708_0074 }
}

@article{grease,
  note = "\url{http://www.ellsworth.com/dow-corning-q2-3067-optical-couplant-453g-bottle}"
 }

@techreport{Contardo:1605208,
      author        = "Contardo, D  and Spalding, J",
      title         = "{CMS Phase 2 Upgrade: Preliminary Plan and Cost Estimate}",
      institution   = "CERN",
      address       = "Geneva",
      number        = "CERN-RRB-2013-124",
      month         = "Oct",
      year          = "2013",
}

@article{Anderson:2015gha,
      author         = "Anderson, D. and Apresyan, A. and Bornheim, A. and
                        Duarte, J. and Pena, C. and Ronzhin, A. and Spiropulu, M.
                        and Trevor, J. and Xie, S.",
      title          = "{On Timing Properties of LYSO-Based Calorimeters}",
      journal        = "Nucl. Instrum. Meth.",
      volume         = "A794",
      year           = "2015",
      pages          = "7-14",
      doi            = "10.1016/j.nima.2015.04.013",
      reportNumber   = "FERMILAB-PUB-15-243-PPD",
      SLACcitation   = "%%CITATION = NUIMA,A794,7;%%"
}

@article{Ronzhin:2015pba,
      author         = "Ronzhin, A. and Los, S. and Ramberg, E. and Apresyan, A.
                        and Xie, S. and Spiropulu, M. and Kim, H.",
      title          = "{Direct tests of micro channel plates as the active
                        element of a new shower maximum detector}",
      journal        = "Nucl. Instrum. Meth.",
      volume         = "A795",
      year           = "2015",
      pages          = "52-57",
      doi            = "10.1016/j.nima.2015.05.029",
      reportNumber   = "FERMILAB-PUB-15-296-PPD",
      SLACcitation   = "%%CITATION = NUIMA,A795,52;%%"
}

@article{MCPShowerMaxPaper,
      author         = "Ronzhin, A. and Los, S. and Ramberg, E. and Apresyan, A.
                        and Xie, S. and Spiropulu, M. and Kim, H.",
      title          = "{Study of the timing performance of micro channel plate photomultiplier for use as an active
layer in shower maximum detector}",
      journal        = "Nucl. Instrum. Meth.",
      volume         = "A795",
      year           = "2015",
      pages          = "288-292",
      doi            = "10.1016/j.nima.2015.06.006",
      reportNumber   = %"FERMILAB-PUB-15-XXX-PPD",
      SLACcitation   = "%%CITATION = NUIMA,A795,288;%%"
}

@techreport{Butler:2020886,
      author        = "Butler, J and Contardo, D and Klute, M and Mans, J and
                       Silvestris, L",
      title         = "{Technical Proposal for the Phase-II Upgrade of the CMS
                       Detector}",
      institution   = "CERN",
      address       = "Geneva. Geneva",
      number        = "CERN-LHCC-2015-010. LHCC-P-008",
      month         = "Jun",
      year          = "2015",
      reportNumber  = "CERN-LHCC-2015-010",
      url           = "https://cds.cern.ch/record/2020886",
      note          = "Upgrade Project Leader Deputies: Lucia Silvestris
                       (INFN-Bari), Jeremy Mans (University of Minnesota)
                       Additional contacts: Lucia.Silvestris@cern.ch,
                       Jeremy.Mans@cern.ch",
}

@article{Ronzhin2015288,
title = "Study of the timing performance of micro-channel plate photomultiplier for use as an active layer in a shower maximum detector ",
journal = "Nuclear Instruments and Methods in Physics Research Section A: Accelerators, Spectrometers, Detectors and Associated Equipment ",
volume = "795",
number = "",
pages = "288 - 292",
year = "2015",
note = "",
issn = "0168-9002",
doi = "http://dx.doi.org/10.1016/j.nima.2015.06.006",
url = "http://www.sciencedirect.com/science/article/pii/S0168900215007500",
author = "A. Ronzhin and S. Los and E. Ramberg and A. Apresyan and S. Xie and M. Spiropulu and H. Kim",
keywords = "Microchannel plate photomultiplier or MCP-PMT",
keywords = "Shower maximum or SM",
keywords = "Time resolution or \{TR\} "
}

@article{Ronzhin201552,
title = "Direct tests of micro channel plates as the active element of a new shower maximum detector ",
journal = "Nuclear Instruments and Methods in Physics Research Section A: Accelerators, Spectrometers, Detectors and Associated Equipment ",
volume = "795",
number = "",
pages = "52 - 57",
year = "2015",
note = "",
issn = "0168-9002",
doi = "http://dx.doi.org/10.1016/j.nima.2015.05.029",
url = "http://www.sciencedirect.com/science/article/pii/S0168900215006610",
author = "A. Ronzhin and S. Los and E. Ramberg and A. Apresyan and S. Xie and M. Spiropulu and H. Kim",
keywords = "Time resolution or TR",
keywords = "Microchannel plate or MCP",
keywords = "Shower maximum or \{SM\} "
}

@article{CMSPreshower,
  author="{D.~Barney and M.~Guthoff and A.~Honma and S-W Li and A.~Peisert and Y-M~Tzeng and G~Qin}",
  title={Measurement of the bulk leakage current of silicon sensors of the CMS Preshower after an integrated luminosity of 6.17 fb −1 , at √s = 7 TeV},
  journal={Journal of Instrumentation},
  volume={8},
  number={02},
  pages={P02004},
  url={http://stacks.iop.org/1748-0221/8/i=02/a=P02004},
  year={2013},
}

@article{hamamatsu,
  note = "\url{https://www.hamamatsu.com/resources/pdf/ssd/e10_handbook_for_high_energy.pdf}"
 }

@article{CAENDRS,
  note = "\url{http://www.caen.it/csite/CaenProd.jsp?parent=11&idmod=661}"
 }

@article{Kim201467,
title = "A new time calibration method for switched-capacitor-array-based waveform samplers ",
journal = "Nuclear Instruments and Methods in Physics Research Section A: Accelerators, Spectrometers, Detectors and Associated Equipment ",
volume = "767",
number = "",
pages = "67 - 74",
year = "2014",
note = "",
issn = "0168-9002",
doi = "http://dx.doi.org/10.1016/j.nima.2014.08.025",
url = "http://www.sciencedirect.com/science/article/pii/S016890021400953X",
author = "H. Kim and C.-T. Chen and N. Eclov and A. Ronzhin and P. Murat and E. Ramberg and S. Los and W. Moses and W.-S. Choong and C.-M. Kao",
keywords = "Waveform sampling",
keywords = "Time calibration",
keywords = "Switched-capacitors "
}

@article{Ronzhin2015,
title = "High time-resolution photodetectors for \{PET\} applications ",
journal = "Nuclear Instruments and Methods in Physics Research Section A: Accelerators, Spectrometers, Detectors and Associated Equipment ",
volume = "",
number = "",
pages = " - ",
year = "2015",
note = "",
issn = "0168-9002",
doi = "http://dx.doi.org/10.1016/j.nima.2015.11.069",
url = "http://www.sciencedirect.com/science/article/pii/S0168900215014345",
author = "Anatoly Ronzhin",
keywords = "Positron emission tomography",
keywords = "Time of flight",
keywords = "Silicon photomultipliers "
}

@book{spieler2005semiconductor,
  title={Semiconductor Detector Systems},
  author={Spieler, H.},
  isbn={9780198527848},
  lccn={2006295669},
  series={Series on Semiconductor Science and Technology},
  url={https://books.google.com/books?id=MUMb3y37yqYC},
  year={2005},
  publisher={OUP Oxford}
}

@article{Brianza2015216,
title = "Response of microchannel plates to single particles and to electromagnetic showers ",
journal = "Nuclear Instruments and Methods in Physics Research Section A: Accelerators, Spectrometers, Detectors and Associated Equipment ",
volume = "797",
number = "",
pages = "216 - 221",
year = "2015",
note = "",
issn = "0168-9002",
doi = "http://dx.doi.org/10.1016/j.nima.2015.06.057",
url = "http://www.sciencedirect.com/science/article/pii/S0168900215008074",
author = "L. Brianza and F. Cavallari and D. Del Re and S. Gelli and A. Ghezzi and C. Gotti and P. Govoni and C. Jorda Lopez and A. Martelli and B. Marzocchi and P. Meridiani and G. Organtini and R. Paramatti and L. Perni√© and S. Pigazzini and S. Rahatlou and C. Rovelli and F. Santanastasio and T. Tabarelli de Fatis and N. Trevisani",
keywords = "Microchannel plates",
keywords = "Secondary emission",
keywords = "Electromagnetic showers",
keywords = "Time response",
keywords = "Calorimetry "
}








